%*******************************************************************************
%
%*******************************************************************************
% required fields: author, title, booktitle, year
%*******************************************************************************



%*******************************************************************************
% Article
%*******************************************************************************
% required fields: author, title, journal, year
%*******************************************************************************

@article{tuohy2015intra,
  title={Intra-vehicle networks: A review},
  author={Tuohy, Shane and Glavin, Martin and Hughes, Ciar{\'a}n and Jones, Edward and Trivedi, Mohan and Kilmartin, Liam},
  journal={IEEE Transactions on Intelligent Transportation Systems},
  volume={16},
  number={2},
  pages={534--545},
  year={2015},
  publisher={IEEE}
}

@ARTICLE{annexLdot1Q,
	author = {},
	journal = {IEEE Std. 802.1Q-2014, Annex L},
	title ={IEEE Standard for Local and metropolitan area networks--Bridges and Bridged Networks},
	year= {2014},
	pages = {1732-1748},
	doi = {10.1109/IEEESTD.2014.6991462}
}

%*******************************************************************************
% Techreports
%*******************************************************************************
% required fields: author, title, institution, year
%*******************************************************************************



%*******************************************************************************
% Inproceedings (articles in a conferencepaper)
%*******************************************************************************
% required fields: author, title, booktitle, year
%*******************************************************************************
@book{knuth2014art,
  title={Art of computer programming, volume 2: Seminumerical algorithms},
  author={Knuth, Donald E},
  year={2014},
  publisher={Addison-Wesley Professional}
}
