@book{ben-ari2006,
  author    = {Mordechai Ben-Ari},
  edition   = {2nd},
  publisher = {Pearson Education},
  title     = {Principles of Concurrent and Distributed  Programming},
  year      = {2006}
}

@book{tanenbaum2017,
  author    = {Maarten van Steen and Andrew S. Tanenbaum},
  edition   = {3rd},
  publisher = {Pearson Education},
  title     = {Distributed Systems},
  year      = {2017}
}

@book{coulouris2012,
  author    = {George Coulouris and Jean Dollimore and Tim Kindberg and Gordon Blair},
  edition   = {5th},
  publisher = {Pearson Education},
  title     = {Distributed Systems, Concepts and Design},
  year      = {2012}
}

@misc{rust-website,
  author       = {{The Rust project}},
  howpublished = {\url{https://www.rust-lang.org/}},
  note         = {Accedido: 2022-02-20},
  title        = {Rust Programming Language}
}

@misc{cargo-website,
  author       = {{The Rust project}},
  howpublished = {\url{https://doc.rust-lang.org/stable/cargo/}},
  note         = {Accedido: 2022-02-20},
  title        = {The Cargo Book}
}

@misc{miri-website,
  author       = {{The Rust project}},
  howpublished = {\url{https://github.com/rust-lang/miri}},
  note         = {Accedido: 2022-02-20},
  title        = {Miri}
}

@misc{rust-book-ownership,
  author       = {{The Rust project}},
  howpublished = {\url{https://doc.rust-lang.org/book/ch04-01-what-is-ownership.html}},
  note         = {Accedido: 2022-02-20},
  title        = {Rust Book: What is Ownership}
}

@misc{rust-book-references,
  author       = {{The Rust project}},
  howpublished = {\url{https://doc.rust-lang.org/book/ch04-02-references-and-borrowing.html}},
  note         = {Accedido: 2022-02-20},
  title        = {Rust Book: References and Borrowing}
}

@misc{rust-book-extensible-concurrency,
  author       = {{The Rust project}},
  howpublished = {\url{https://doc.rust-lang.org/book/ch16-04-extensible-concurrency-sync-and-send.html}},
  note         = {Accedido: 2022-02-20},
  title        = {Rust Book: Extensible Concurrency with the Sync and Send traits}
}

@misc{rust-rfcs,
  author       = {{The Rust project}},
  howpublished = {\url{https://rust-lang.github.io/rfcs/}},
  note         = {Accedido: 2022-02-20},
  title        = {The Rust RFC Book}
}

@misc{rustc-mitigations,
  author       = {{The Rust project}},
  howpublished = {\url{https://doc.rust-lang.org/rustc/exploit-mitigations.html}},
  note         = {Accedido: 2022-02-20},
  title        = {The rustc book: Exploit mitigations}
}

@misc{reid2021,
  author       = {Alastair Reid},
  howpublished = {\url{https://alastairreid.github.io/automatic-rust-verification-tools-2021/}},
  note         = {Accedido: 2022-02-20},
  title        = {Automatic Rust verification tools (2021)}
}

@misc{davidoff2018,
  author       = {Sergey "Shnatsel" Davidoff},
  howpublished = {\url{https://shnatsel.medium.com/how-rusts-standard-library-was-vulnerable-for-years-and-nobody-noticed-aebf0503c3d6}},
  note         = {Accedido: 2022-02-20},
  title        = {How Rust's standard library was vulnerable for years and nobody noticed}
}
