@misc{thompson2023mit,
  author       = {Clive Thompson},
  howpublished = {\url{https://www.technologyreview.com/2023/02/14/1067869/rust-worlds-fastest-growing-programming-language/}},
  title        = {{How Rust went from a side project to the world's most-loved programming language}},
  year         = {2023}
}

@misc{stoep2021,
  author       = {Jeff Vander Stoep and Stephen Hines},
  howpublished = {\url{https://security.googleblog.com/2021/04/rust-in-android-platform.html}},
  note         = {Accessed on 2023-02-22},
  title        = {{Rust in the Android platform}},
  year         = {2021}
}

@misc{garcia2022,
  author       = {Eric Garcia},
  howpublished = {\url{https://engineering.fb.com/2022/07/27/developer-tools/programming-languages-endorsed-for-server-side-use-at-meta/}},
  note         = {Accessed on 2023-02-24},
  title        = {{Programming languages endorsed for server-side use at Meta}},
  year         = {2022}
}

@misc{desimone2022,
  author       = {Sergio De Simone},
  howpublished = {\url{https://www.infoq.com/news/2022/12/linux-6-1-rust/}},
  note         = {Accessed on 2023-02-24},
  title        = {{Linux 6.1 Officially Adds Support for Rust in the Kernel}},
  year         = {2022}
}

@misc{corbet2022,
  author       = {Jonathan Corbet},
  howpublished = {\url{https://lwn.net/Articles/917504/}},
  note         = {Accessed on 2023-02-24},
  title        = {{The 6.1 kernel is out}},
  year         = {2022}
}

@misc{wu2022,
  author       = {Wu, Yuchen and Hauck, Andrew},
  howpublished = {\url{https://blog.cloudflare.com/how-we-built-pingora-the-proxy-that-connects-cloudflare-to-the-internet/}},
  note         = {Accessed on 2023-03-20},
  title        = {{How we built Pingora, the proxy that connects Cloudflare to the Internet}},
  year         = {2022}
}

@misc{howarth2020,
  author       = {Howarth, Jesse},
  howpublished = {\url{https://discord.com/blog/why-discord-is-switching-from-go-to-rust}},
  note         = {Accessed on 2023-03-20},
  title        = {{Why Discord is switching from Go to Rust}},
  year         = {2020}
}

@misc{so-survey2022,
  author       = {{Stack Overflow}},
  howpublished = {\url{https://survey.stackoverflow.co/2022/#section-most-loved-dreaded-and-wanted-programming-scripting-and-markup-languages}},
  note         = {Accessed on 2023-02-22},
  title        = {{2022 Developer Survey}},
  year         = {2022}
}

@misc{davidoff2018,
  author       = {Sergey Davidoff},
  howpublished = {\url{https://shnatsel.medium.com/how-rusts-standard-library-was-vulnerable-for-years-and-nobody-noticed-aebf0503c3d6}},
  note         = {Accessed on 2023-02-20},
  title        = {{How Rust's standard library was vulnerable for years and nobody noticed}},
  year         = {2018}
}

@misc{reid2021,
  author       = {Alastair Reid},
  howpublished = {\url{https://alastairreid.github.io/automatic-rust-verification-tools-2021/}},
  note         = {Accessed on 2023-02-20},
  title        = {{Automatic Rust verification tools (2021)}},
  year         = {2021}
}

%%%%%%%%%%%%%%%%%%%%%%%%%%%%%%%%%%%%%%%%%%%%%%%%%%%%%%%%%
%            MEMORY BUGS IN C/C++ PROJECTS              %
%%%%%%%%%%%%%%%%%%%%%%%%%%%%%%%%%%%%%%%%%%%%%%%%%%%%%%%%%

@misc{memory-bugs-android,
  author       = {Evgenii Stepanov},
  howpublished = {\url{https://android-developers.googleblog.com/2020/02/detecting-memory-corruption-bugs-with-hwasan.html}},
  note         = {Accessed on 2023-02-24},
  title        = {{Detecting Memory Corruption Bugs With HWASan}},
  year         = {2020}
}

@misc{memory-bugs-android-media-bluetooth,
  author       = {Jeff Vander Stoep and Chong Zhang},
  howpublished = {\url{https://android-developers.googleblog.com/2020/02/detecting-memory-corruption-bugs-with-hwasan.html}},
  note         = {Accessed on 2023-02-24},
  title        = {{Queue the Hardening Enhancements}},
  year         = {2020}
}

@misc{memory-bugs-ios-macos,
  author       = {Paul Kehrer},
  howpublished = {\url{https://langui.sh/2019/07/23/apple-memory-safety/}},
  note         = {Accessed on 2023-02-24},
  title        = {{Memory Unsafety in Apple's Operating Systems}},
  year         = {2019}
}

@misc{memory-bugs-chrome,
  author       = {{The Chromium Projects}},
  howpublished = {\url{https://www.chromium.org/Home/chromium-security/memory-safety/}},
  note         = {Accessed on 2023-02-24},
  title        = {{Memory safety}},
  year         = {2015}
}

@misc{memory-bugs-microsoft,
  author       = {Sebastian Fernandez},
  howpublished = {\url{https://msrc.microsoft.com/blog/2019/07/a-proactive-approach-to-more-secure-code/}},
  note         = {Accessed on 2023-02-24},
  title        = {{A proactive approach to more secure code}},
  year         = {2019}
}

@misc{memory-bugs-firefox,
  author       = {Diane Hosfelt},
  howpublished = {\url{https://hacks.mozilla.org/2019/02/rewriting-a-browser-component-in-rust/}},
  note         = {Accessed on 2023-02-24},
  title        = {{Implications of Rewriting a Browser Component in Rust}},
  year         = {2019}
}

@misc{memory-bugs-ubuntu,
  author       = {Alex Gaynor},
  howpublished = {\url{https://alexgaynor.net/2020/may/27/science-on-memory-unsafety-and-security/}},
  note         = {Accessed on 2023-02-24},
  title        = {{What science can tell us about C and C++'s security}},
  year         = {2020}
}
