@book{ben-ari2006,
  author    = {Mordechai Ben-Ari},
  edition   = {2nd},
  publisher = {Pearson Education},
  title     = {Principles of Concurrent and Distributed Programming},
  year      = {2006}
}

@book{tanenbaum2017,
  author    = {Maarten van Steen and Andrew S. Tanenbaum},
  edition   = {3rd},
  publisher = {Pearson Education},
  title     = {Distributed Systems},
  year      = {2017}
}

@book{coulouris2012,
  author    = {George Coulouris and Jean Dollimore and Tim Kindberg and Gordon Blair},
  edition   = {5th},
  publisher = {Pearson Education},
  title     = {Distributed Systems, Concepts and Design},
  year      = {2012}
}

@book{peterson1981,
  author    = {James Lyle Peterson},
  publisher = {Prentice-Hall},
  title     = {{Petri Net Theory and the Modeling of Systems}},
  year      = {1981}
}