@misc{miller-security-microsoft2019,
  author       = {Matt Miller},
  howpublished = {\url{https://www.youtube.com/watch?v=PjbGojjnBZQ}},
  note         = {Accedido: 2023-02-24},
  title        = {{Trends, Challenges, and Strategic Shifts in the Software Vulnerability Mitigation Landscape}},
  year         = {2019}
}

@misc{albini2019,
  author       = {Pietro Albini},
  howpublished = {\url{https://www.youtube.com/watch?v=As1gXp5kX1M}},
  note         = {Accedido: 2023-02-24},
  title        = {{RustFest Barcelona - Shipping a stable compiler every six weeks}},
  year         = {2019}
}