@misc{rust-book,
  author       = {Steve Klabnik and Carol Nichols},
  howpublished = {\url{https://doc.rust-lang.org/book/}},
  note         = {Accedido: 2023-02-20},
  title        = {{The Rust Programming Language}},
  year         = {2022}
}

@misc{rustc-book,
  author       = {{Rust Project}},
  howpublished = {\url{https://doc.rust-lang.org/rustc/}},
  note         = {Accedido: 2023-02-20},
  title        = {{The rustc book}},
  year         = {2023}
}